<?xml version="1.0" encoding="UTF-8"?><collection xmlns="http://www.loc.gov/MARC21/slim"><record><leader>00349nam--2200133-i-4500</leader><controlfield tag="001">000024961</controlfield><controlfield tag="002">20161230</controlfield><controlfield tag="005">20161230201035</controlfield><controlfield tag="008">060222s1000------------r-----000-0-eng-d</controlfield><datafield ind1=" " ind2=" " tag="080"><subfield code="a">541.5:546.11</subfield></datafield><datafield ind1=" " ind2=" " tag="245"><subfield code="a">Hydrogen bonds. with 33 figures and 35 tables</subfield></datafield><datafield ind1=" " ind2=" " tag="260"><subfield code="a">Berlin, Akademic - Verlag, 1984. 117 P</subfield></datafield><datafield ind1=" " ind2=" " tag="700"><subfield code="a">Beyer, A. /S.A.</subfield></datafield><datafield ind1=" " ind2=" " tag="852"><subfield code="a">73323</subfield></datafield></record></collection>